%YAML 1.1
%TAG !u! tag:unity3d.com,2011:
--- !u!1 &401807220885084056
GameObject:
  m_ObjectHideFlags: 0
  m_CorrespondingSourceObject: {fileID: 0}
  m_PrefabInstance: {fileID: 0}
  m_PrefabAsset: {fileID: 0}
  serializedVersion: 6
  m_Component:
  - component: {fileID: 4200856320914494264}
  m_Layer: 0
  m_Name: LongBrickWall1
  m_TagString: Untagged
  m_Icon: {fileID: 0}
  m_NavMeshLayer: 0
  m_StaticEditorFlags: 0
  m_IsActive: 1
--- !u!4 &4200856320914494264
Transform:
  m_ObjectHideFlags: 0
  m_CorrespondingSourceObject: {fileID: 0}
  m_PrefabInstance: {fileID: 0}
  m_PrefabAsset: {fileID: 0}
  m_GameObject: {fileID: 401807220885084056}
  m_LocalRotation: {x: 0, y: 0, z: 0, w: 1}
  m_LocalPosition: {x: -19.92, y: 1.83, z: -10.96}
  m_LocalScale: {x: 1, y: 1, z: 0.96204}
  m_Children:
  - {fileID: 5887762837064801455}
  - {fileID: 5887762838853236576}
  - {fileID: 5887762837833580538}
  - {fileID: 5887762838900588419}
  - {fileID: 5887762838566910620}
  - {fileID: 5887762838423157858}
  m_Father: {fileID: 0}
  m_RootOrder: 0
  m_LocalEulerAnglesHint: {x: 0, y: 0, z: 0}
--- !u!1001 &6214739225587701864
PrefabInstance:
  m_ObjectHideFlags: 0
  serializedVersion: 2
  m_Modification:
    m_TransformParent: {fileID: 4200856320914494264}
    m_Modifications:
    - target: {fileID: -8679921383154817045, guid: 033742b7f9c46084db23115924832a3d, type: 3}
      propertyPath: m_RootOrder
      value: 3
      objectReference: {fileID: 0}
    - target: {fileID: -8679921383154817045, guid: 033742b7f9c46084db23115924832a3d, type: 3}
      propertyPath: m_LocalScale.x
      value: 1.5824275
      objectReference: {fileID: 0}
    - target: {fileID: -8679921383154817045, guid: 033742b7f9c46084db23115924832a3d, type: 3}
      propertyPath: m_LocalScale.y
      value: 1.5824275
      objectReference: {fileID: 0}
    - target: {fileID: -8679921383154817045, guid: 033742b7f9c46084db23115924832a3d, type: 3}
      propertyPath: m_LocalScale.z
      value: 1.5824275
      objectReference: {fileID: 0}
    - target: {fileID: -8679921383154817045, guid: 033742b7f9c46084db23115924832a3d, type: 3}
      propertyPath: m_LocalPosition.x
      value: -0.35000038
      objectReference: {fileID: 0}
    - target: {fileID: -8679921383154817045, guid: 033742b7f9c46084db23115924832a3d, type: 3}
      propertyPath: m_LocalPosition.y
      value: -1.86
      objectReference: {fileID: 0}
    - target: {fileID: -8679921383154817045, guid: 033742b7f9c46084db23115924832a3d, type: 3}
      propertyPath: m_LocalPosition.z
      value: 1.6000004
      objectReference: {fileID: 0}
    - target: {fileID: -8679921383154817045, guid: 033742b7f9c46084db23115924832a3d, type: 3}
      propertyPath: m_LocalRotation.w
      value: 0.5
      objectReference: {fileID: 0}
    - target: {fileID: -8679921383154817045, guid: 033742b7f9c46084db23115924832a3d, type: 3}
      propertyPath: m_LocalRotation.x
      value: -0.5
      objectReference: {fileID: 0}
    - target: {fileID: -8679921383154817045, guid: 033742b7f9c46084db23115924832a3d, type: 3}
      propertyPath: m_LocalRotation.y
      value: -0.5
      objectReference: {fileID: 0}
    - target: {fileID: -8679921383154817045, guid: 033742b7f9c46084db23115924832a3d, type: 3}
      propertyPath: m_LocalRotation.z
      value: -0.5
      objectReference: {fileID: 0}
    - target: {fileID: -8679921383154817045, guid: 033742b7f9c46084db23115924832a3d, type: 3}
      propertyPath: m_LocalEulerAnglesHint.x
      value: -90
      objectReference: {fileID: 0}
    - target: {fileID: -8679921383154817045, guid: 033742b7f9c46084db23115924832a3d, type: 3}
      propertyPath: m_LocalEulerAnglesHint.y
      value: -90
      objectReference: {fileID: 0}
    - target: {fileID: -8679921383154817045, guid: 033742b7f9c46084db23115924832a3d, type: 3}
      propertyPath: m_LocalEulerAnglesHint.z
      value: 0
      objectReference: {fileID: 0}
    - target: {fileID: -7511558181221131132, guid: 033742b7f9c46084db23115924832a3d, type: 3}
      propertyPath: m_Materials.Array.data[0]
      value: 
      objectReference: {fileID: 2100000, guid: ec199bb90e3a5ac4aae0252dcd135c67, type: 2}
    - target: {fileID: 919132149155446097, guid: 033742b7f9c46084db23115924832a3d, type: 3}
      propertyPath: m_Name
      value: WallOne2x3Damaged1 (2)
      objectReference: {fileID: 0}
    m_RemovedComponents: []
  m_SourcePrefab: {fileID: 100100000, guid: 033742b7f9c46084db23115924832a3d, type: 3}
--- !u!4 &5887762838900588419 stripped
Transform:
  m_CorrespondingSourceObject: {fileID: -8679921383154817045, guid: 033742b7f9c46084db23115924832a3d, type: 3}
  m_PrefabInstance: {fileID: 6214739225587701864}
  m_PrefabAsset: {fileID: 0}
--- !u!1001 &6214739225660280971
PrefabInstance:
  m_ObjectHideFlags: 0
  serializedVersion: 2
  m_Modification:
    m_TransformParent: {fileID: 4200856320914494264}
    m_Modifications:
    - target: {fileID: -8679921383154817045, guid: 033742b7f9c46084db23115924832a3d, type: 3}
      propertyPath: m_RootOrder
      value: 1
      objectReference: {fileID: 0}
    - target: {fileID: -8679921383154817045, guid: 033742b7f9c46084db23115924832a3d, type: 3}
      propertyPath: m_LocalScale.x
      value: 1.5824275
      objectReference: {fileID: 0}
    - target: {fileID: -8679921383154817045, guid: 033742b7f9c46084db23115924832a3d, type: 3}
      propertyPath: m_LocalScale.y
      value: 1.5824275
      objectReference: {fileID: 0}
    - target: {fileID: -8679921383154817045, guid: 033742b7f9c46084db23115924832a3d, type: 3}
      propertyPath: m_LocalScale.z
      value: 1.5824275
      objectReference: {fileID: 0}
    - target: {fileID: -8679921383154817045, guid: 033742b7f9c46084db23115924832a3d, type: 3}
      propertyPath: m_LocalPosition.x
      value: -0.35000038
      objectReference: {fileID: 0}
    - target: {fileID: -8679921383154817045, guid: 033742b7f9c46084db23115924832a3d, type: 3}
      propertyPath: m_LocalPosition.y
      value: -1.86
      objectReference: {fileID: 0}
    - target: {fileID: -8679921383154817045, guid: 033742b7f9c46084db23115924832a3d, type: 3}
      propertyPath: m_LocalPosition.z
      value: 7.93
      objectReference: {fileID: 0}
    - target: {fileID: -8679921383154817045, guid: 033742b7f9c46084db23115924832a3d, type: 3}
      propertyPath: m_LocalRotation.w
      value: 0.5
      objectReference: {fileID: 0}
    - target: {fileID: -8679921383154817045, guid: 033742b7f9c46084db23115924832a3d, type: 3}
      propertyPath: m_LocalRotation.x
      value: -0.5
      objectReference: {fileID: 0}
    - target: {fileID: -8679921383154817045, guid: 033742b7f9c46084db23115924832a3d, type: 3}
      propertyPath: m_LocalRotation.y
      value: 0.5
      objectReference: {fileID: 0}
    - target: {fileID: -8679921383154817045, guid: 033742b7f9c46084db23115924832a3d, type: 3}
      propertyPath: m_LocalRotation.z
      value: 0.5
      objectReference: {fileID: 0}
    - target: {fileID: -8679921383154817045, guid: 033742b7f9c46084db23115924832a3d, type: 3}
      propertyPath: m_LocalEulerAnglesHint.x
      value: -90
      objectReference: {fileID: 0}
    - target: {fileID: -8679921383154817045, guid: 033742b7f9c46084db23115924832a3d, type: 3}
      propertyPath: m_LocalEulerAnglesHint.y
      value: 90
      objectReference: {fileID: 0}
    - target: {fileID: -8679921383154817045, guid: 033742b7f9c46084db23115924832a3d, type: 3}
      propertyPath: m_LocalEulerAnglesHint.z
      value: 0
      objectReference: {fileID: 0}
    - target: {fileID: -7511558181221131132, guid: 033742b7f9c46084db23115924832a3d, type: 3}
      propertyPath: m_Materials.Array.data[0]
      value: 
      objectReference: {fileID: 2100000, guid: ec199bb90e3a5ac4aae0252dcd135c67, type: 2}
    - target: {fileID: 919132149155446097, guid: 033742b7f9c46084db23115924832a3d, type: 3}
      propertyPath: m_Name
      value: WallOne2x3Damaged1
      objectReference: {fileID: 0}
    m_RemovedComponents: []
  m_SourcePrefab: {fileID: 100100000, guid: 033742b7f9c46084db23115924832a3d, type: 3}
--- !u!4 &5887762838853236576 stripped
Transform:
  m_CorrespondingSourceObject: {fileID: -8679921383154817045, guid: 033742b7f9c46084db23115924832a3d, type: 3}
  m_PrefabInstance: {fileID: 6214739225660280971}
  m_PrefabAsset: {fileID: 0}
--- !u!1001 &6214739225913056631
PrefabInstance:
  m_ObjectHideFlags: 0
  serializedVersion: 2
  m_Modification:
    m_TransformParent: {fileID: 4200856320914494264}
    m_Modifications:
    - target: {fileID: -8679921383154817045, guid: 033742b7f9c46084db23115924832a3d, type: 3}
      propertyPath: m_RootOrder
      value: 4
      objectReference: {fileID: 0}
    - target: {fileID: -8679921383154817045, guid: 033742b7f9c46084db23115924832a3d, type: 3}
      propertyPath: m_LocalScale.x
      value: 1.5824275
      objectReference: {fileID: 0}
    - target: {fileID: -8679921383154817045, guid: 033742b7f9c46084db23115924832a3d, type: 3}
      propertyPath: m_LocalScale.y
      value: 1.5824275
      objectReference: {fileID: 0}
    - target: {fileID: -8679921383154817045, guid: 033742b7f9c46084db23115924832a3d, type: 3}
      propertyPath: m_LocalScale.z
      value: 1.5824275
      objectReference: {fileID: 0}
    - target: {fileID: -8679921383154817045, guid: 033742b7f9c46084db23115924832a3d, type: 3}
      propertyPath: m_LocalPosition.x
      value: -0.35000038
      objectReference: {fileID: 0}
    - target: {fileID: -8679921383154817045, guid: 033742b7f9c46084db23115924832a3d, type: 3}
      propertyPath: m_LocalPosition.y
      value: -1.86
      objectReference: {fileID: 0}
    - target: {fileID: -8679921383154817045, guid: 033742b7f9c46084db23115924832a3d, type: 3}
      propertyPath: m_LocalPosition.z
      value: -1.5599995
      objectReference: {fileID: 0}
    - target: {fileID: -8679921383154817045, guid: 033742b7f9c46084db23115924832a3d, type: 3}
      propertyPath: m_LocalRotation.w
      value: 0.5
      objectReference: {fileID: 0}
    - target: {fileID: -8679921383154817045, guid: 033742b7f9c46084db23115924832a3d, type: 3}
      propertyPath: m_LocalRotation.x
      value: -0.5
      objectReference: {fileID: 0}
    - target: {fileID: -8679921383154817045, guid: 033742b7f9c46084db23115924832a3d, type: 3}
      propertyPath: m_LocalRotation.y
      value: 0.5
      objectReference: {fileID: 0}
    - target: {fileID: -8679921383154817045, guid: 033742b7f9c46084db23115924832a3d, type: 3}
      propertyPath: m_LocalRotation.z
      value: 0.5
      objectReference: {fileID: 0}
    - target: {fileID: -8679921383154817045, guid: 033742b7f9c46084db23115924832a3d, type: 3}
      propertyPath: m_LocalEulerAnglesHint.x
      value: -90
      objectReference: {fileID: 0}
    - target: {fileID: -8679921383154817045, guid: 033742b7f9c46084db23115924832a3d, type: 3}
      propertyPath: m_LocalEulerAnglesHint.y
      value: 90
      objectReference: {fileID: 0}
    - target: {fileID: -8679921383154817045, guid: 033742b7f9c46084db23115924832a3d, type: 3}
      propertyPath: m_LocalEulerAnglesHint.z
      value: 0
      objectReference: {fileID: 0}
    - target: {fileID: -7511558181221131132, guid: 033742b7f9c46084db23115924832a3d, type: 3}
      propertyPath: m_Materials.Array.data[0]
      value: 
      objectReference: {fileID: 2100000, guid: ec199bb90e3a5ac4aae0252dcd135c67, type: 2}
    - target: {fileID: 919132149155446097, guid: 033742b7f9c46084db23115924832a3d, type: 3}
      propertyPath: m_Name
      value: WallOne2x3Damaged1 (3)
      objectReference: {fileID: 0}
    m_RemovedComponents: []
  m_SourcePrefab: {fileID: 100100000, guid: 033742b7f9c46084db23115924832a3d, type: 3}
--- !u!4 &5887762838566910620 stripped
Transform:
  m_CorrespondingSourceObject: {fileID: -8679921383154817045, guid: 033742b7f9c46084db23115924832a3d, type: 3}
  m_PrefabInstance: {fileID: 6214739225913056631}
  m_PrefabAsset: {fileID: 0}
--- !u!1001 &6214739226098424713
PrefabInstance:
  m_ObjectHideFlags: 0
  serializedVersion: 2
  m_Modification:
    m_TransformParent: {fileID: 4200856320914494264}
    m_Modifications:
    - target: {fileID: -8679921383154817045, guid: 033742b7f9c46084db23115924832a3d, type: 3}
      propertyPath: m_RootOrder
      value: 5
      objectReference: {fileID: 0}
    - target: {fileID: -8679921383154817045, guid: 033742b7f9c46084db23115924832a3d, type: 3}
      propertyPath: m_LocalScale.x
      value: 1.5824275
      objectReference: {fileID: 0}
    - target: {fileID: -8679921383154817045, guid: 033742b7f9c46084db23115924832a3d, type: 3}
      propertyPath: m_LocalScale.y
      value: 1.5824275
      objectReference: {fileID: 0}
    - target: {fileID: -8679921383154817045, guid: 033742b7f9c46084db23115924832a3d, type: 3}
      propertyPath: m_LocalScale.z
      value: 1.5824275
      objectReference: {fileID: 0}
    - target: {fileID: -8679921383154817045, guid: 033742b7f9c46084db23115924832a3d, type: 3}
      propertyPath: m_LocalPosition.x
      value: -0.35000038
      objectReference: {fileID: 0}
    - target: {fileID: -8679921383154817045, guid: 033742b7f9c46084db23115924832a3d, type: 3}
      propertyPath: m_LocalPosition.y
      value: -1.86
      objectReference: {fileID: 0}
    - target: {fileID: -8679921383154817045, guid: 033742b7f9c46084db23115924832a3d, type: 3}
      propertyPath: m_LocalPosition.z
      value: -4.719
      objectReference: {fileID: 0}
    - target: {fileID: -8679921383154817045, guid: 033742b7f9c46084db23115924832a3d, type: 3}
      propertyPath: m_LocalRotation.w
      value: 0.5
      objectReference: {fileID: 0}
    - target: {fileID: -8679921383154817045, guid: 033742b7f9c46084db23115924832a3d, type: 3}
      propertyPath: m_LocalRotation.x
      value: -0.5
      objectReference: {fileID: 0}
    - target: {fileID: -8679921383154817045, guid: 033742b7f9c46084db23115924832a3d, type: 3}
      propertyPath: m_LocalRotation.y
      value: -0.5
      objectReference: {fileID: 0}
    - target: {fileID: -8679921383154817045, guid: 033742b7f9c46084db23115924832a3d, type: 3}
      propertyPath: m_LocalRotation.z
      value: -0.5
      objectReference: {fileID: 0}
    - target: {fileID: -8679921383154817045, guid: 033742b7f9c46084db23115924832a3d, type: 3}
      propertyPath: m_LocalEulerAnglesHint.x
      value: -90
      objectReference: {fileID: 0}
    - target: {fileID: -8679921383154817045, guid: 033742b7f9c46084db23115924832a3d, type: 3}
      propertyPath: m_LocalEulerAnglesHint.y
      value: -90
      objectReference: {fileID: 0}
    - target: {fileID: -8679921383154817045, guid: 033742b7f9c46084db23115924832a3d, type: 3}
      propertyPath: m_LocalEulerAnglesHint.z
      value: 0
      objectReference: {fileID: 0}
    - target: {fileID: -7511558181221131132, guid: 033742b7f9c46084db23115924832a3d, type: 3}
      propertyPath: m_Materials.Array.data[0]
      value: 
      objectReference: {fileID: 2100000, guid: ec199bb90e3a5ac4aae0252dcd135c67, type: 2}
    - target: {fileID: 919132149155446097, guid: 033742b7f9c46084db23115924832a3d, type: 3}
      propertyPath: m_Name
      value: WallOne2x3Damaged1 (4)
      objectReference: {fileID: 0}
    m_RemovedComponents: []
  m_SourcePrefab: {fileID: 100100000, guid: 033742b7f9c46084db23115924832a3d, type: 3}
--- !u!4 &5887762838423157858 stripped
Transform:
  m_CorrespondingSourceObject: {fileID: -8679921383154817045, guid: 033742b7f9c46084db23115924832a3d, type: 3}
  m_PrefabInstance: {fileID: 6214739226098424713}
  m_PrefabAsset: {fileID: 0}
--- !u!1001 &6214739226654513169
PrefabInstance:
  m_ObjectHideFlags: 0
  serializedVersion: 2
  m_Modification:
    m_TransformParent: {fileID: 4200856320914494264}
    m_Modifications:
    - target: {fileID: -8679921383154817045, guid: 033742b7f9c46084db23115924832a3d, type: 3}
      propertyPath: m_RootOrder
      value: 2
      objectReference: {fileID: 0}
    - target: {fileID: -8679921383154817045, guid: 033742b7f9c46084db23115924832a3d, type: 3}
      propertyPath: m_LocalScale.x
      value: 1.5824275
      objectReference: {fileID: 0}
    - target: {fileID: -8679921383154817045, guid: 033742b7f9c46084db23115924832a3d, type: 3}
      propertyPath: m_LocalScale.y
      value: 1.5824275
      objectReference: {fileID: 0}
    - target: {fileID: -8679921383154817045, guid: 033742b7f9c46084db23115924832a3d, type: 3}
      propertyPath: m_LocalScale.z
      value: 1.5824275
      objectReference: {fileID: 0}
    - target: {fileID: -8679921383154817045, guid: 033742b7f9c46084db23115924832a3d, type: 3}
      propertyPath: m_LocalPosition.x
      value: -0.35000038
      objectReference: {fileID: 0}
    - target: {fileID: -8679921383154817045, guid: 033742b7f9c46084db23115924832a3d, type: 3}
      propertyPath: m_LocalPosition.y
      value: -1.86
      objectReference: {fileID: 0}
    - target: {fileID: -8679921383154817045, guid: 033742b7f9c46084db23115924832a3d, type: 3}
      propertyPath: m_LocalPosition.z
      value: 4.7599998
      objectReference: {fileID: 0}
    - target: {fileID: -8679921383154817045, guid: 033742b7f9c46084db23115924832a3d, type: 3}
      propertyPath: m_LocalRotation.w
      value: 0.5
      objectReference: {fileID: 0}
    - target: {fileID: -8679921383154817045, guid: 033742b7f9c46084db23115924832a3d, type: 3}
      propertyPath: m_LocalRotation.x
      value: -0.5
      objectReference: {fileID: 0}
    - target: {fileID: -8679921383154817045, guid: 033742b7f9c46084db23115924832a3d, type: 3}
      propertyPath: m_LocalRotation.y
      value: 0.5
      objectReference: {fileID: 0}
    - target: {fileID: -8679921383154817045, guid: 033742b7f9c46084db23115924832a3d, type: 3}
      propertyPath: m_LocalRotation.z
      value: 0.5
      objectReference: {fileID: 0}
    - target: {fileID: -8679921383154817045, guid: 033742b7f9c46084db23115924832a3d, type: 3}
      propertyPath: m_LocalEulerAnglesHint.x
      value: -90
      objectReference: {fileID: 0}
    - target: {fileID: -8679921383154817045, guid: 033742b7f9c46084db23115924832a3d, type: 3}
      propertyPath: m_LocalEulerAnglesHint.y
      value: 90
      objectReference: {fileID: 0}
    - target: {fileID: -8679921383154817045, guid: 033742b7f9c46084db23115924832a3d, type: 3}
      propertyPath: m_LocalEulerAnglesHint.z
      value: 0
      objectReference: {fileID: 0}
    - target: {fileID: -7511558181221131132, guid: 033742b7f9c46084db23115924832a3d, type: 3}
      propertyPath: m_Materials.Array.data[0]
      value: 
      objectReference: {fileID: 2100000, guid: ec199bb90e3a5ac4aae0252dcd135c67, type: 2}
    - target: {fileID: 919132149155446097, guid: 033742b7f9c46084db23115924832a3d, type: 3}
      propertyPath: m_Name
      value: WallOne2x3Damaged1 (1)
      objectReference: {fileID: 0}
    m_RemovedComponents: []
  m_SourcePrefab: {fileID: 100100000, guid: 033742b7f9c46084db23115924832a3d, type: 3}
--- !u!4 &5887762837833580538 stripped
Transform:
  m_CorrespondingSourceObject: {fileID: -8679921383154817045, guid: 033742b7f9c46084db23115924832a3d, type: 3}
  m_PrefabInstance: {fileID: 6214739226654513169}
  m_PrefabAsset: {fileID: 0}
--- !u!1001 &6214739227423488836
PrefabInstance:
  m_ObjectHideFlags: 0
  serializedVersion: 2
  m_Modification:
    m_TransformParent: {fileID: 4200856320914494264}
    m_Modifications:
    - target: {fileID: -8679921383154817045, guid: 033742b7f9c46084db23115924832a3d, type: 3}
      propertyPath: m_RootOrder
      value: 0
      objectReference: {fileID: 0}
    - target: {fileID: -8679921383154817045, guid: 033742b7f9c46084db23115924832a3d, type: 3}
      propertyPath: m_LocalScale.x
      value: 1.5824275
      objectReference: {fileID: 0}
    - target: {fileID: -8679921383154817045, guid: 033742b7f9c46084db23115924832a3d, type: 3}
      propertyPath: m_LocalScale.y
      value: 1.5824275
      objectReference: {fileID: 0}
    - target: {fileID: -8679921383154817045, guid: 033742b7f9c46084db23115924832a3d, type: 3}
      propertyPath: m_LocalScale.z
      value: 1.5824275
      objectReference: {fileID: 0}
    - target: {fileID: -8679921383154817045, guid: 033742b7f9c46084db23115924832a3d, type: 3}
      propertyPath: m_LocalPosition.x
      value: -0.35000038
      objectReference: {fileID: 0}
    - target: {fileID: -8679921383154817045, guid: 033742b7f9c46084db23115924832a3d, type: 3}
      propertyPath: m_LocalPosition.y
      value: -1.86
      objectReference: {fileID: 0}
    - target: {fileID: -8679921383154817045, guid: 033742b7f9c46084db23115924832a3d, type: 3}
      propertyPath: m_LocalPosition.z
      value: -7.8789997
      objectReference: {fileID: 0}
    - target: {fileID: -8679921383154817045, guid: 033742b7f9c46084db23115924832a3d, type: 3}
      propertyPath: m_LocalRotation.w
      value: 0.5
      objectReference: {fileID: 0}
    - target: {fileID: -8679921383154817045, guid: 033742b7f9c46084db23115924832a3d, type: 3}
      propertyPath: m_LocalRotation.x
      value: -0.5
      objectReference: {fileID: 0}
    - target: {fileID: -8679921383154817045, guid: 033742b7f9c46084db23115924832a3d, type: 3}
      propertyPath: m_LocalRotation.y
      value: 0.5
      objectReference: {fileID: 0}
    - target: {fileID: -8679921383154817045, guid: 033742b7f9c46084db23115924832a3d, type: 3}
      propertyPath: m_LocalRotation.z
      value: 0.5
      objectReference: {fileID: 0}
    - target: {fileID: -8679921383154817045, guid: 033742b7f9c46084db23115924832a3d, type: 3}
      propertyPath: m_LocalEulerAnglesHint.x
      value: -90
      objectReference: {fileID: 0}
    - target: {fileID: -8679921383154817045, guid: 033742b7f9c46084db23115924832a3d, type: 3}
      propertyPath: m_LocalEulerAnglesHint.y
      value: 90
      objectReference: {fileID: 0}
    - target: {fileID: -8679921383154817045, guid: 033742b7f9c46084db23115924832a3d, type: 3}
      propertyPath: m_LocalEulerAnglesHint.z
      value: 0
      objectReference: {fileID: 0}
    - target: {fileID: -7511558181221131132, guid: 033742b7f9c46084db23115924832a3d, type: 3}
      propertyPath: m_Materials.Array.data[0]
      value: 
      objectReference: {fileID: 2100000, guid: ec199bb90e3a5ac4aae0252dcd135c67, type: 2}
    - target: {fileID: 919132149155446097, guid: 033742b7f9c46084db23115924832a3d, type: 3}
      propertyPath: m_Name
      value: WallOne2x3Damaged1 (5)
      objectReference: {fileID: 0}
    m_RemovedComponents: []
  m_SourcePrefab: {fileID: 100100000, guid: 033742b7f9c46084db23115924832a3d, type: 3}
--- !u!4 &5887762837064801455 stripped
Transform:
  m_CorrespondingSourceObject: {fileID: -8679921383154817045, guid: 033742b7f9c46084db23115924832a3d, type: 3}
  m_PrefabInstance: {fileID: 6214739227423488836}
  m_PrefabAsset: {fileID: 0}
