%YAML 1.1
%TAG !u! tag:unity3d.com,2011:
--- !u!1 &1150371560872170966
GameObject:
  m_ObjectHideFlags: 0
  m_CorrespondingSourceObject: {fileID: 0}
  m_PrefabInstance: {fileID: 0}
  m_PrefabAsset: {fileID: 0}
  serializedVersion: 6
  m_Component:
  - component: {fileID: 1150371560872170961}
  - component: {fileID: 1150371560872170963}
  - component: {fileID: 1150371560872170960}
  m_Layer: 0
  m_Name: GamepadInput
  m_TagString: Untagged
  m_Icon: {fileID: 0}
  m_NavMeshLayer: 0
  m_StaticEditorFlags: 0
  m_IsActive: 1
--- !u!4 &1150371560872170961
Transform:
  m_ObjectHideFlags: 0
  m_CorrespondingSourceObject: {fileID: 0}
  m_PrefabInstance: {fileID: 0}
  m_PrefabAsset: {fileID: 0}
  m_GameObject: {fileID: 1150371560872170966}
  m_LocalRotation: {x: 0, y: 0, z: 0, w: 1}
  m_LocalPosition: {x: 0, y: 0, z: 0}
  m_LocalScale: {x: 1, y: 1, z: 1}
  m_Children: []
  m_Father: {fileID: 0}
  m_RootOrder: 0
  m_LocalEulerAnglesHint: {x: 0, y: 0, z: 0}
--- !u!114 &1150371560872170963
MonoBehaviour:
  m_ObjectHideFlags: 0
  m_CorrespondingSourceObject: {fileID: 0}
  m_PrefabInstance: {fileID: 0}
  m_PrefabAsset: {fileID: 0}
  m_GameObject: {fileID: 1150371560872170966}
  m_Enabled: 1
  m_EditorHideFlags: 0
  m_Script: {fileID: 11500000, guid: 6608ea712ef746e885aabeff0b0c8f2b, type: 3}
  m_Name: 
  m_EditorClassIdentifier: 
  moveInput: {x: 0, y: 0, z: 0}
  aimInput: {x: 0, y: 0, z: 0, w: 1}
--- !u!114 &1150371560872170960
MonoBehaviour:
  m_ObjectHideFlags: 0
  m_CorrespondingSourceObject: {fileID: 0}
  m_PrefabInstance: {fileID: 0}
  m_PrefabAsset: {fileID: 0}
  m_GameObject: {fileID: 1150371560872170966}
  m_Enabled: 1
  m_EditorHideFlags: 0
  m_Script: {fileID: 11500000, guid: 62899f850307741f2a39c98a8b639597, type: 3}
  m_Name: 
  m_EditorClassIdentifier: 
  m_Actions: {fileID: -944628639613478452, guid: 37158bbd935c9f94b9b4f40fd49bcff5, type: 3}
  m_NotificationBehavior: 2
  m_UIInputModule: {fileID: 0}
  m_DeviceLostEvent:
    m_PersistentCalls:
      m_Calls: []
  m_DeviceRegainedEvent:
    m_PersistentCalls:
      m_Calls: []
  m_ControlsChangedEvent:
    m_PersistentCalls:
      m_Calls: []
  m_ActionEvents:
  - m_PersistentCalls:
      m_Calls: []
    m_ActionId: 8b259701-8317-47ba-b228-280e85845689
    m_ActionName: Keyboard/New action
  - m_PersistentCalls:
      m_Calls:
      - m_Target: {fileID: 1150371560872170963}
        m_TargetAssemblyTypeName: Clonk.CharacterInput.GamepadInput, Assembly-CSharp
        m_MethodName: OnMoveInput
        m_Mode: 0
        m_Arguments:
          m_ObjectArgument: {fileID: 0}
          m_ObjectArgumentAssemblyTypeName: UnityEngine.Object, UnityEngine
          m_IntArgument: 0
          m_FloatArgument: 0
          m_StringArgument: 
          m_BoolArgument: 0
        m_CallState: 2
    m_ActionId: af06f777-5b18-4c95-854d-86eb5f0dd10b
    m_ActionName: Gamepad/Move[/XInputControllerWindows/leftStick/up,/XInputControllerWindows/leftStick/down,/XInputControllerWindows/leftStick/left,/XInputControllerWindows/leftStick/right]
  - m_PersistentCalls:
      m_Calls:
      - m_Target: {fileID: 1150371560872170963}
        m_TargetAssemblyTypeName: Clonk.CharacterInput.GamepadInput, Assembly-CSharp
        m_MethodName: OnAimInput
        m_Mode: 0
        m_Arguments:
          m_ObjectArgument: {fileID: 0}
          m_ObjectArgumentAssemblyTypeName: UnityEngine.Object, UnityEngine
          m_IntArgument: 0
          m_FloatArgument: 0
          m_StringArgument: 
          m_BoolArgument: 0
        m_CallState: 2
    m_ActionId: b72b43ae-4c7a-4570-89bb-d4f51c63c591
    m_ActionName: Gamepad/Aim[/XInputControllerWindows/rightStick/up,/XInputControllerWindows/leftStick/down,/XInputControllerWindows/leftStick/left,/XInputControllerWindows/leftStick/right]
  - m_PersistentCalls:
      m_Calls:
      - m_Target: {fileID: 1150371560872170963}
        m_TargetAssemblyTypeName: Clonk.CharacterInput.GamepadInput, Assembly-CSharp
        m_MethodName: OnFireInput
        m_Mode: 0
        m_Arguments:
          m_ObjectArgument: {fileID: 0}
          m_ObjectArgumentAssemblyTypeName: UnityEngine.Object, UnityEngine
          m_IntArgument: 0
          m_FloatArgument: 0
          m_StringArgument: 
          m_BoolArgument: 0
        m_CallState: 2
    m_ActionId: 07780c6b-977e-4a69-b333-519354c1cc8f
    m_ActionName: Gamepad/Fire[/XInputControllerWindows/buttonSouth]
  - m_PersistentCalls:
      m_Calls: []
    m_ActionId: 2baa1292-ddcd-4aff-856c-81d1bd8a7e54
    m_ActionName: Keyboard/Fire[/Mouse/leftButton,/Keyboard/space]
  - m_PersistentCalls:
      m_Calls:
      - m_Target: {fileID: 1150371560872170963}
        m_TargetAssemblyTypeName: Clonk.CharacterInput.GamepadInput, Assembly-CSharp
        m_MethodName: OnPauseInput
        m_Mode: 0
        m_Arguments:
          m_ObjectArgument: {fileID: 0}
          m_ObjectArgumentAssemblyTypeName: UnityEngine.Object, UnityEngine
          m_IntArgument: 0
          m_FloatArgument: 0
          m_StringArgument: 
          m_BoolArgument: 0
        m_CallState: 2
    m_ActionId: 1e2a7eeb-d018-4624-84fd-8061d9d7b3ac
    m_ActionName: Gamepad/Pause[/XInputControllerWindows/start]
  - m_PersistentCalls:
      m_Calls: []
    m_ActionId: c02e588a-ff18-41f2-b5a8-520114a0ac33
    m_ActionName: Keyboard/Pause[/Keyboard/escape]
  - m_PersistentCalls:
      m_Calls: []
    m_ActionId: 85061f8f-0b6f-48b9-8f16-aa32785343e8
    m_ActionName: Touch/Touch0StartPos[/Touchscreen/touch0/startPosition]
  - m_PersistentCalls:
      m_Calls: []
    m_ActionId: 3d0292f2-4b3d-4ab9-80c8-3e19129b72e9
    m_ActionName: Touch/Touch0CurrentPos[/Touchscreen/touch0/position]
  - m_PersistentCalls:
      m_Calls: []
    m_ActionId: 2038f3e8-9afe-4eaf-8681-c9d4f88149fb
    m_ActionName: Touch/Touch1StartPos[/Touchscreen/touch1/startPosition]
  - m_PersistentCalls:
      m_Calls: []
    m_ActionId: d78f4801-21cb-4a17-96f2-d7d66479a0c3
    m_ActionName: Touch/Touch1CurrentPos[/Touchscreen/touch1/position]
  - m_PersistentCalls:
      m_Calls: []
    m_ActionId: c8e85cff-d7d8-4e88-874e-700f9caef669
    m_ActionName: Touch/Touch0Phase[/Touchscreen/touch0/phase]
  - m_PersistentCalls:
      m_Calls: []
    m_ActionId: 85ff494b-152d-4adc-b23b-73550fadc967
    m_ActionName: Touch/Touch1Phase[/Touchscreen/touch1/phase]
  - m_PersistentCalls:
      m_Calls: []
    m_ActionId: f3104ca8-2f4a-4b1f-b488-20f1479eab4f
    m_ActionName: PC/Move[/Keyboard/w,/Keyboard/s,/Keyboard/a,/Keyboard/d,/Keyboard/upArrow,/Keyboard/downArrow,/Keyboard/leftArrow,/Keyboard/rightArrow,/XInputControllerWindows/leftStick/up,/XInputControllerWindows/leftStick/down,/XInputControllerWindows/leftStick/left,/XInputControllerWindows/leftStick/right,/XInputControllerWindows/dpad/up,/XInputControllerWindows/dpad/down,/XInputControllerWindows/dpad/left,/XInputControllerWindows/dpad/right]
  - m_PersistentCalls:
      m_Calls: []
    m_ActionId: 982645e7-d404-4727-8e96-93660e12af2f
    m_ActionName: PC/Fire[/Mouse/leftButton,/Keyboard/space,/XInputControllerWindows/buttonSouth,/XInputControllerWindows/rightShoulder]
  - m_PersistentCalls:
      m_Calls: []
    m_ActionId: 67293763-5ead-485c-ae4e-bcb49a791a0b
    m_ActionName: PC/AimGamepad[/XInputControllerWindows/rightStick/up,/XInputControllerWindows/rightStick/down,/XInputControllerWindows/rightStick/left,/XInputControllerWindows/rightStick/right]
  m_NeverAutoSwitchControlSchemes: 0
  m_DefaultControlScheme: 
  m_DefaultActionMap: Gamepad
  m_SplitScreenIndex: -1
  m_Camera: {fileID: 0}
